@inproceedings{DBLP:conf/icalp/DershowitzM79,
  author    = {Nachum Dershowitz and
               Zohar Manna},
  title     = {Proving termination with Multiset Orderings},
  booktitle = {Automata, Languages and Programming, 6th Colloquium, Graz, Austria,
               July 16-20, 1979, Proceedings},
  pages     = {188--202},
  year      = {1979},
  crossref  = {DBLP:conf/icalp/1979},
  url       = {https://doi.org/10.1007/3-540-09510-1\_15},
  doi       = {10.1007/3-540-09510-1\_15},
  timestamp = {Tue, 14 May 2019 10:00:44 +0200},
  biburl    = {https://dblp.org/rec/bib/conf/icalp/DershowitzM79},
  bibsource = {dblp computer science bibliography, https://dblp.org}
}

@proceedings{DBLP:conf/icalp/1979,
  editor    = {Hermann A. Maurer},
  title     = {Automata, Languages and Programming, 6th Colloquium, Graz, Austria,
               July 16-20, 1979, Proceedings},
  series    = {Lecture Notes in Computer Science},
  volume    = {71},
  publisher = {Springer},
  year      = {1979},
  url       = {https://doi.org/10.1007/3-540-09510-1},
  doi       = {10.1007/3-540-09510-1},
  isbn      = {3-540-09510-1},
  timestamp = {Tue, 14 May 2019 10:00:44 +0200},
  biburl    = {https://dblp.org/rec/bib/conf/icalp/1979},
  bibsource = {dblp computer science bibliography, https://dblp.org}
}